
@inproceedings{Huntley2006,
  author    = "C. Huntley and G. Antonova and P. Guinand",
  title     = "{E}ffect of {H}ash {C}ollisions on the {P}erformance of {LAN}
               {S}witching {D}evices and {N}etworks", 
  booktitle = "31st Annual IEEE Conference on Local Computer Networks 2006",
  year      = 2006
}

@manual{IEEE802.1D,
  title="Media Access Control Bridges",
  organization="IEEE",
  year=2004
}

@manual{Intel2009,
  title="Intel Ethernet Switch Family Hash Efficiency",
  organization="Intel",
  note="White Paper",
  year=2009
}


@inproceedings{Kang2002,
  author = "Y.k. Kang and D.W. Kim and T.W. Kwon and J.R. Choi",
  title = "{A}n efficient implementation of hash function processor for {IPSEC}",
  booktitle = "ASIC",
  year = 2002
} 


@inproceedings{Martinez2005,
  author = "C. Martinez and W.-M. Lin and P. Patel",
  title = "{O}ptimal {XOR} {H}ashing for {A} {L}ineraly {D}istributed {A}ddress
              {L}ookup in {C}omputer {N}etworks",
  booktitle = "ANCS'05",
  year = 2005
} 

@misc{Molina,
    author = {M. Molina and S. Niccolini and N. G. Duffield},
    title = {A Comparative Experimental Study of Hash Functions Applied to Packet Sampling},
    year = {}
}

@Book{Sedgewick2011,
 author    = "R. Sedgewick and K. Wayne",
 title     = "Algorithms",
 publisher = "Addison Wesley",
 year      =  2011, 
 edition   = "fourth"
}

@inproceedings{Sklavos2003,
  author = "N. Sklavos and G. Dimitroulakos and O. Kouffopavlou",
  title = "{A}n {U}ltra {H}igh {S}peed {A}rchitecture for {VLSI} {I}mplementation of {H}ash {F}unctions",
  booktitle = "ICECS",
  year = 2003
} 

@inproceedings{Song2002,
    author = {Yeqiong Song and Anis Koubaa and Francois Simonot and Loria Inria Lorraine},
    title = {Switched Ethernet for Real-Time Industrial Communication: Modelling and Message Buffering Delay Evaluation},
    booktitle = {4th IEEE WFCS 2002, Vasteras (Sweden},
    year = {2002},
    pages = {27--30},
    publisher = {Springer-Verlag}
}

@article{Stancu2003,
  author = "S. Stancu and M. Ciobotaru and B. Dobinson and K. Korcyl and E. Knezo",
  title = "{T}he use of {E}thernet in the {D}ata{F}low of the {ATLAS} {T}rigger \&  {DAQ}",
  journal = "Computing in High Energy and Nuclear Physics",
  volume = "24-28",
  year = 2003
} 

@article{Tiwari2010,
  author = "H. Tiwari and K. Asawa",
  title = "{C}ryptographic {H}ash {F}unction: {A}n {E}levated {V}iew",
  journal = "European Journal of Scientific Research",
  volume = 43,
  number = 4,
  year = 2010,
  pages = "452-465"
} 

@article{Vandiren2005,
  author = "H. Vendirendonk and K. De Bosschere",
  title = "{XOR}-{B}ased {H}ash {F}unctions",
  journal = "IEEE Trans. on Computers",
  volume = 54,
  number = 7,
  month = "july",
  year = 2005
} 

@Book{Wackerly,
 author    = "D. Wackerly and W. Mendenhall and R. Schaeffer",
 title     = "Mathematical Statistics with Applications", 
 publisher = "Thomson",
 edition   = "seventh"
}


@inproceedings{Ray2007,
  author = "S. Ray and R.A. Gue\'rin and R. Sofia",
  title = "{A} {D}istributed {H}ash {T}able based {A}ddress
           {R}esolution {S}cheme for {L}arge-scale {E}thernet {N}etworks",
  booktitle = "International Conference on Communications 2007",
  month = "june",
  pages = "6446-6543",
  year = 2007
} 

